@article{brio_2018,
  title   = "HCAL-J: Hadron Calorimeter for the Study of Nucleon Form Factors at Jefferson Lab",
  journal = "Radiation Effects \& Defects in Solids",
  volume  = "173",
  number  = "9–10",
  pages   = "857--871",
  year    = "1953",
  doi     = "10.1080/10420150.2018.1528612",
  author  = "V. Brio and others"
}

@article{cisbani_2014,
	author = {{Cisbani, Evaristo}},
	title = {Overview of Nucleon Form Factor Experiments with 12 GeV at Jefferson Lab},
	DOI= "10.1051/epjconf/20147301008",
	url= "https://doi.org/10.1051/epjconf/20147301008",
	journal = {EPJ Web of Conferences},
	year = 2014,
	volume = 73,
	pages = "01008",
}

@article{wojtsekhowski_2014,
title = {Nucleon form factors program with SBS at JLAB},
author = {Wojtsekhowski, Bogdan B.},
abstractNote = {The physics of the nucleon form factors is the basic part of the Jefferson Laboratory program. We review the achievements of the 6-GeV era and the program with the 12- GeV beam with the SBS spectrometer in Hall A, with a focus on the nucleon ground state properties.},
doi = {10.1142/S201019451460427X},
journal = {Int. J. Mod. Phys. Conf. Ser.},
volume = 35,
place = {United States},
year = {2014},
month = {12}
}

@article{hofstadter_1956,
  title = {Structure of the Proton},
  author = {Chambers, E. E. and Hofstadter, R.},
  journal = {Phys. Rev.},
  volume = {103},
  issue = {5},
  pages = {1454--1463},
  numpages = {0},
  year = {1956},
  month = {Sep},
  publisher = {American Physical Society},
  doi = {10.1103/PhysRev.103.1454},
  url = {https://link.aps.org/doi/10.1103/PhysRev.103.1454}
}

@article{bosted_1995,
  title = {Empirical fit to the nucleon electromagnetic form factors},
  author = {Bosted, P. E.},
  journal = {Phys. Rev. C},
  volume = {51},
  issue = {1},
  pages = {409--411},
  numpages = {0},
  year = {1995},
  month = {Jan},
  publisher = {American Physical Society},
  doi = {10.1103/PhysRevC.51.409},
  url = {https://link.aps.org/doi/10.1103/PhysRevC.51.409}
}

@article{polarization_transfer,
  title = {Scattering of Electrons by Protons},
  author = {A. I. Akhiezer and others},
  journal = {Soviet Physics Journal of Experimental and Theoretical Physics},
  volume = {6},
  issue = {33},
  pages = {588--594},
  number  = "3",
  year = {1958},
  month = {March},
  publisher = {Soviet Physics JETP},
  url = {http://www.jetp.ac.ru/cgi-bin/dn/e_006_03_0588.pdf}
}

@article{double_polarization,
  title = {Polarization Transfer in Elastic Electron Scattering from Nucleons and Deuterons},
  author = {Arnold, Raymond G. and Carlson, Carl E. and Gross, Franz},
  journal = {Phys. Rev. C},
  volume = {23},
  issue = {1},
  pages = {363--374},
  numpages = {0},
  year = {1981},
  month = {Jan},
  publisher = {American Physical Society},
  doi = {10.1103/PhysRevC.23.363},
  url = {https://link.aps.org/doi/10.1103/PhysRevC.23.363}
}

@article{hall_a,
    author = "Alcorn, J. and others",
    title = "{Basic Instrumentation for Hall A at Jefferson Lab}",
    reportNumber = "JLAB-PHY-03-129",
    doi = "10.1016/j.nima.2003.11.415",
    journal = "Nucl. Instrum. Meth. A",
    volume = "522",
    pages = "294--346",
    year = "2004"
}

@article{hcal1,
    author = "Vlasov, N. V. and others",
    title = "{A Calorimeter for Detecting Hadrons with Energies of 10–100 GeV}",
    doi = "10.1134/S0020441206010040",
    journal = "Instruments and Experimental Techniques",
    volume = "49",
    pages = "41--55",
    year = "2006"
}

@inproceedings{coda,
    author = "Watson, W.A. and Chen, J. and Heyes, G. and Jastrzembski, E. and Quarrie, D.",
    title = "{CODA: A scalable, distributed data acquisition system}",
    booktitle = "{8th Real-Time Computer Applications in Nuclear, Particle and Plasma Physics (RT 93)}",
    pages = "296--303",
    month = "6",
    year = "1993"
}

@misc{gmn_proposal,
    author    = {R. Gilman and B. Quinn and B. Wojtsekhowski and others},
    title     = {{Precision Measurement of the Neutron Magnetic Form Factor Up to $Q^2$ = 18.0 (GeV/c)$^2$
by the Ratio Method}},
    url       = {https://hallaweb.jlab.org/collab/PAC/PAC34/PR-09-019-gmn.pdf}
}

@misc{gen_proposal,
    author    = {G. Cates and S. Riordan and B. Wojtsekhowski and others},
    title     = {{Measurement of the Neutron Electromagnetic Form Factor Ratio $G_E^n$/$G_M^n$ G at High $Q^2$}},
    url       = {https://hallaweb.jlab.org/collab/PAC/PAC34/PR-09-016-gen.pdf}
}

@misc{gep_proposal,
    author    = {E. Cisbani and M. Khandaker and L. P. Pentchev and C. F. Perdrisat and V. Punjabi and B. Wojtsekhowski and others},
    title     = {{Large Acceptance Proton Form Factor Ratio Method at 13 and 15 (GeV/c)$^2$ Using Recoil Polarization Method}},
    url       = {https://www.jlab.org/exp_prog/proposals/07/PR12-07-109.pdf}
}

@misc{fadc,
    author    = {F. J. Barbosa and others},
    title     = {{A VME64x, 16-Channel, Pipelined 250 MSPS Flash ADC
With Switched Serial (VXS) Extension}},
    url       = {https://halldweb.jlab.org/DocDB/0010/001022/001/fADC250%20-%20IEEE%20Paper.pdf}
}

@misc{f1tdc,
    author    = {F. J. Barbosa and others},
    title     = {{F1TDC A High-Resolution, Multi-Hit, VME64x Time-to-Digital Converter User’s Manual V1.1}},
    url       = {https://halldweb.jlab.org/DocDB/0010/001021/001/F1TDC%20-%20User%20Manual%20V1.1.pdf}
}

@misc{ti,
    author    = {J. W. Gu},
    title     = {{Description and Technical Information for the VME
Trigger Interface (TI) Module}},
    url       = {https://coda.jlab.org/drupal/system/files/pdfs/HardwareManual/TI/TI.pdf}
}

@misc{vtp,
    author    = {B. Raydo},
    title     = {{VTP Manual}},
    url       = {https://coda.jlab.org/drupal/system/files/pdfs/HardwareManual/VTP/VTP-HallB-Manual.pdf}
}

@misc{sd,
    author    = {Jefferson Lab Fast Electronics Group},
    title     = {{Description and Technical Information for the VXS Signal Distribution Module}},
    url       = {https://coda.jlab.org/drupal/system/files/pdfs/HardwareManual/SD/SD_Description_VerA5_Updated_Nov13.pdf}
}

@article{AGOSTINELLI2003250,
	title = {{Geant4—a simulation toolkit}},
	journal = {Nuclear Instruments and Methods in Physics Research Section A: Accelerators, Spectrometers, 		Detectors and Associated Equipment},
	volume = {506},
	number = {3},
	pages = {250 - 303},
	year = {2003},
	issn = {0168-9002},
	doi = {https://doi.org/10.1016/S0168-9002(03)01368-8},
	url = {http://www.sciencedirect.com/science/article/pii/S0168900203013688},
	author = {S. Agostinelli and others}
}

@article{Dirac1953888,
  title   = {The lorentz transformation and absolute time},
  journal = {Physica},
  volume  = {19},
  number  = {1-–12},
  pages   = {888--896},
  year    = {1953},
  doi     = {10.1016/S0031-8914(53)80099-6},
  author  = {P.A.M. Dirac}
}

@article{Feynman1963118,
  title   = {The theory of a general quantum system interacting with a linear dissipative system},
  journal = {Annals of Physics},
  volume  = {24},
  pages   = {118--173},
  year    = {1963},
  doi     = {10.1016/0003-4916(63)90068-X},
  author  = {R.P Feynman and F.L {Vernon Jr.}}
}

@misc{halla_2014,
    author    = {M. Dalton and others},
    title     = {{Hall A Annual Report 2014}},
    url       = {https://arxiv.org/pdf/1511.07474.pdf}
}

@misc{g4sbs,
    author    = {A. Puckett},
    title     = {{Documentation of g4sbs}},
    url       = {https://hallaweb.jlab.org/wiki/index.php/Documentation_of_g4sbs}
}

@misc{cosmics2018,
    author    = {V. Brio},
    title     = {{HCAL-J COSMIC RAY TEST AT JLAB}},
    url       = {https://hallaweb.jlab.org/wiki/images/d/d1/Report_HCAL-J_April_2020.pdf}
}