 @article{Article:Amroun,
    author =       {A. Amroun and others},
    title =        {{$^3$H and $^3$He electromagnetic form factors}},
    journal =      {Nuclear Physics A},
    volume =       {579},
    %number =      {},
    pages =        {596-626},
    year =         {1994},
    DOI =          {10.1016/0375-9474(94)90925-3}
}

 @article{Article:Marcucci,
    author =       {L. E. Marcucci and others},
    title =        {{Electromagnetic Structure of Few-Nucleon Ground States}},
    journal =      {Journal of Physics G: Nuclear and Particle Physics},
    volume =       {43},
    number =       {2},
    pages =        {1-64},
    year =         {2016},
    DOI =          {10.1088/0954-3899/43/2/023002}
}

@article{Qattan:2004ht,
      author         = "Qattan, I. A. and others",
      title          = "{Precision Rosenbluth measurement of the proton elastic
                        form-factors}",
      journal        = "Phys. Rev. Lett.",
      volume         = "94",
      year           = "2005",
      pages          = "142301",
      doi            = "10.1103/PhysRevLett.94.142301",
      eprint         = "nucl-ex/0410010",
      archivePrefix  = "arXiv",
      primaryClass   = "nucl-ex",
      reportNumber   = "JLAB-PHY-04-33",
      SLACcitation   = "%%CITATION = NUCL-EX/0410010;%%"
}

@article{Jones:1999rz,
      author         = "Jones, M. K. and others",
      title          = "{$G_E{_p}$/$G_M{_p}$ Ratio by Polarization Transfer in $\overrightarrow{e}$p $\rightarrow$ e$\overrightarrow{p}$}",
      collaboration  = "Jefferson Lab Hall A",
      journal        = "Phys. Rev. Lett.",
      volume         = "84",
      year           = "2000",
      pages          = "1398-1402",
      doi            = "10.1103/PhysRevLett.84.1398",
      eprint         = "nucl-ex/9910005",
      archivePrefix  = "arXiv",
      primaryClass   = "nucl-ex",
      reportNumber   = "JLAB-PHY-00-71",
      SLACcitation   = "%%CITATION = NUCL-EX/9910005;%%"
}

@article{Mihovilovic:2018fux,
      author         = "Mihovilovi\v{c}, M. and others",
      title          = "{Measurement of Double-Polarization Asymmetries in the Quasi-Elastic $^3\vec{\mathrm{He}}(\vec{\mathrm{e}},\mathrm{e}'\mathrm{p})$ Process}",
      collaboration  = "Jefferson Lab Hall A",
      journal        = "Phys. Lett.",
      volume         = "B788",
      year           = "2019",
      pages          = "117-121",
      doi            = "10.1016/j.physletb.2018.10.063",
      eprint         = "1804.06043",
      archivePrefix  = "arXiv",
      primaryClass   = "nucl-ex",
      reportNumber   = "JLAB-PHY-18-2681",
      SLACcitation   = "%%CITATION = ARXIV:1804.06043;%%"
}

@article{Mihovilovic:2014gdi,
      author         = "Mihovilovi\v{c}, M. and others",
      title          = "{Measurement of Double-Polarization Asymmetries in the Quasielastic $^3\vec{\mathrm{He}}(\vec{\mathrm{e}},\mathrm{e}'\mathrm{d})$ Process}",
      collaboration  = "Jefferson Lab Hall A",
      journal        = "Phys. Rev. Lett.",
      volume         = "113",
      year           = "2014",
      number         = "23",
      pages          = "232505",
      doi            = "10.1103/PhysRevLett.113.232505",
      eprint         = "1409.2253",
      archivePrefix  = "arXiv",
      primaryClass   = "nucl-ex",
      reportNumber   = "JLAB-PHY-14-1970",
      SLACcitation   = "%%CITATION = ARXIV:1409.2253;%%"
}

 @thesis{Thesis:Barcus,
    author =       {S. Barcus},
    note = {Ph.D. Thesis},
    type = {\url{https://wm1693.app.box.com/s/dsya4olvfo891h73t4l5/file/437990479167},},
	school = 	   {College of William and Mary},
    title =        {{Extraction and Parametrization of Isobaric Trinucleon Elastic Cross Sections and Form Factors}},
    month =        {May},
    year =         {2019}
}

@online{d2n,
    author    = {B. Sawatzky and others},
    title     = {{A Path to ``Color Polarizabilities" in the Neutron: A Precision Measurement of the Neutron $g_2$ and $d_2$ at High $Q^2$ in Hall C}},
    month =        {July},
    year =         {2006},
    url       = {https://www.jlab.org/exp_prog/proposals/06/PR12-06-121.pdf}
}

@article{hallc,
author = {Moore, Michael and Waidyawansa, Buddhini and Covrig, Silviu and Carlini, Roger and Benesch, Jay},
year = {2014},
month = {06},
pages = {},
title = {Primary Beam Steering Due to Field Leakage from Superconducting SHMS Magnets},
volume = {9},
journal = {Journal of Instrumentation},
doi = {10.1088/1748-0221/9/11/T11002}
}

@article{brio_2018,
author = {V. Brio and V. Bellini and C. Petta and L. Re and C. M. Sutera and F. Tortorici and B. Wojtsekhowski and J. C. Cornejo and G. Franklin and B. Quinn},
title = {HCAL-J: hadron calorimeter for the study of nucleon form factors at Jefferson Lab},
journal = {Radiation Effects and Defects in Solids},
volume = {173},
number = {9-10},
pages = {857-871},
year  = {2018},
publisher = {Taylor & Francis},
doi = {10.1080/10420150.2018.1528612},
URL = {https://doi.org/10.1080/10420150.2018.1528612},
eprint = {https://doi.org/10.1080/10420150.2018.1528612}
}

@online{gmn,
    author    = {B. Quinn and B. Wojtsekhowski and R. Gilman and others},
    title     = {{Precision Measurement of the Neutron Magnetic Form Factor up to $Q^2$ = 18.0 (GeV/c)$^2$ by the Ratio Method}},
    month =        {December},
    year =         {2008},
    url       = {https://hallaweb.jlab.org/collab/PAC/PAC34/PR-09-019-gmn.pdf}
}

@online{gmn_slides,
    author    = {A. Puckett},
    title     = {{SBS Physics Program Proposed and New}},
    month =        {February},
    year =         {2019},
    url       = {https://hallaweb.jlab.org/12GeV/SuperBigBite/meetings/col_2019feb26/talks/PuckettSBSphysics.pdf}
}

@article{hcal1,
    author = "Vlasov, N. V. and others",
    title = "{A Calorimeter for Detecting Hadrons with Energies of 10-100 GeV}",
    doi = "10.1134/S0020441206010040",
    journal = "Instruments and Experimental Techniques",
    volume = "49",
    pages = "41--55",
    year = "2006"
}