@FOOTNOTE{a,key="a",note="email: skbarcus@jlab.org"}
@CONTROL{REVTEX41Control}
@CONTROL{apsrev41Control,author="08",editor="1",pages="0",title="",year="1"}
