 @article{Article:Amroun,
    author =       {A. Amroun and others},
    title =        {{$^3$H and $^3$He electromagnetic form factors}},
    journal =      {Nuclear Physics A},
    volume =       {579},
    %number =      {},
    pages =        {596-626},
    year =         {1994},
    DOI =          {10.1016/0375-9474(94)90925-3}
}

 @article{Article:Marcucci,
    author =       {L. E. Marcucci and others},
    title =        {{Electromagnetic Structure of Few-Nucleon Ground States}},
    journal =      {Journal of Physics G: Nuclear and Particle Physics},
    volume =       {43},
    number =       {2},
    pages =        {1-64},
    year =         {2016},
    DOI =          {10.1088/0954-3899/43/2/023002}
}

@article{Qattan:2004ht,
      author         = "Qattan, I. A. and others",
      title          = "{Precision Rosenbluth measurement of the proton elastic
                        form-factors}",
      journal        = "Phys. Rev. Lett.",
      volume         = "94",
      year           = "2005",
      pages          = "142301",
      doi            = "10.1103/PhysRevLett.94.142301",
      eprint         = "nucl-ex/0410010",
      archivePrefix  = "arXiv",
      primaryClass   = "nucl-ex",
      reportNumber   = "JLAB-PHY-04-33",
      SLACcitation   = "%%CITATION = NUCL-EX/0410010;%%"
}

@article{Jones:1999rz,
      author         = "Jones, M. K. and others",
      title          = "{G(E(p)) / G(M(p)) ratio by polarization transfer in
                        polarized e p ---> e polarized p}",
      collaboration  = "Jefferson Lab Hall A",
      journal        = "Phys. Rev. Lett.",
      volume         = "84",
      year           = "2000",
      pages          = "1398-1402",
      doi            = "10.1103/PhysRevLett.84.1398",
      eprint         = "nucl-ex/9910005",
      archivePrefix  = "arXiv",
      primaryClass   = "nucl-ex",
      reportNumber   = "JLAB-PHY-00-71",
      SLACcitation   = "%%CITATION = NUCL-EX/9910005;%%"
}

@article{Mihovilovic:2018fux,
      author         = "Mihovilovi\v{c}, M. and others",
      title          = "{Measurement of double-polarization asymmetries in the
                        quasi-elastic
                        $^3\vec{\mathrm{He}}(\vec{\mathrm{e}},\mathrm{e}'\mathrm{p})$
                        process}",
      collaboration  = "Jefferson Lab Hall A",
      journal        = "Phys. Lett.",
      volume         = "B788",
      year           = "2019",
      pages          = "117-121",
      doi            = "10.1016/j.physletb.2018.10.063",
      eprint         = "1804.06043",
      archivePrefix  = "arXiv",
      primaryClass   = "nucl-ex",
      reportNumber   = "JLAB-PHY-18-2681",
      SLACcitation   = "%%CITATION = ARXIV:1804.06043;%%"
}

@article{Mihovilovic:2014gdi,
      author         = "Mihovilovi\v{c}, M. and others",
      title          = "{Measurement of double-polarization asymmetries in the
                        quasielastic
                        $^3\vec{\mathrm{He}}(\vec{\mathrm{e}},\mathrm{e}'\mathrm{d})$
                        process}",
      collaboration  = "Jefferson Lab Hall A",
      journal        = "Phys. Rev. Lett.",
      volume         = "113",
      year           = "2014",
      number         = "23",
      pages          = "232505",
      doi            = "10.1103/PhysRevLett.113.232505",
      eprint         = "1409.2253",
      archivePrefix  = "arXiv",
      primaryClass   = "nucl-ex",
      reportNumber   = "JLAB-PHY-14-1970",
      SLACcitation   = "%%CITATION = ARXIV:1409.2253;%%"
}

 @thesis{Thesis:Barcus,
    author =       {S. Barcus},
    note = {Ph.D. Thesis},
    type = {\url{https://wm1693.app.box.com/s/dsya4olvfo891h73t4l5/file/437990479167},},
	school = 	   {College of William and Mary},
    title =        {{Extraction and Parametrization of Isobaric Trinucleon Elastic Cross Sections and Form Factors}},
    month =        {May},
    year =         {2019}
}

@online{d2n,
    author    = {B. Sawatzky and others},
    title     = {{A Path to ``Color Polarizabilities" in the Neutron: A Precision Measurement of the Neutron $g_2$ and $d_2$ at High $Q^2$ in Hall C}},
    month =        {July},
    year =         {2006},
    url       = {https://www.jlab.org/exp_prog/proposals/06/PR12-06-121.pdf}
}