@article{brio_2018,
  title   = "HCAL-J: Hadron Calorimeter for the Study of Nucleon Form Factors at Jefferson Lab",
  journal = "Radiation Effects \& Defects in Solids",
  volume  = "173",
  number  = "9–10",
  pages   = "857--871",
  year    = "1953",
  doi     = "10.1080/10420150.2018.1528612",
  author  = "V. Brio and others"
}

@article{cisbani_2014,
	author = {{Cisbani, Evaristo}},
	title = {Overview of Nucleon Form Factor Experiments with 12 GeV at Jefferson Lab},
	DOI= "10.1051/epjconf/20147301008",
	url= "https://doi.org/10.1051/epjconf/20147301008",
	journal = {EPJ Web of Conferences},
	year = 2014,
	volume = 73,
	pages = "01008",
}

@article{wojtsekhowski_2014,
title = {Nucleon form factors program with SBS at JLAB},
author = {Wojtsekhowski, Bogdan B.},
abstractNote = {The physics of the nucleon form factors is the basic part of the Jefferson Laboratory program. We review the achievements of the 6-GeV era and the program with the 12- GeV beam with the SBS spectrometer in Hall A, with a focus on the nucleon ground state properties.},
doi = {10.1142/S201019451460427X},
journal = {Int. J. Mod. Phys. Conf. Ser.},
volume = 35,
place = {United States},
year = {2014},
month = {12}
}

@misc{gmn_proposal,
    author    = {B. Quinn and B. Wojtsekhowski and others},
    title     = {{Precision Measurement of the Neutron Magnetic Form Factor Up to $Q^2$ = 18.0 (GeV/c)$^2$
by the Ratio Method}},
    url       = {https://hallaweb.jlab.org/collab/PAC/PAC34/PR-09-019-gmn.pdf}
}

@misc{gen_proposal,
    author    = {G. Cates and B. Wojtsekhowski and others},
    title     = {{Measurement of the Neutron Electromagnetic Form Factor Ratio $G_E^n$/$G_M^n$ G at High $Q^2$}},
    url       = {https://hallaweb.jlab.org/collab/PAC/PAC34/PR-09-016-gen.pdf}
}

@misc{gep_proposal,
    author    = {C. F. Perdrisat and others},
    title     = {{Large Acceptance Proton Form Factor Ratio Method at 13 and 15 (GeV/c)$^2$ Using Recoil Polarization Method}},
    url       = {https://www.jlab.org/exp_prog/proposals/07/PR12-07-109.pdf}
}

@article{Dirac1953888,
  title   = "The lorentz transformation and absolute time",
  journal = "Physica ",
  volume  = "19",
  number  = "1-–12",
  pages   = "888--896",
  year    = "1953",
  doi     = "10.1016/S0031-8914(53)80099-6",
  author  = "P.A.M. Dirac"
}

@article{Feynman1963118,
  title   = "The theory of a general quantum system interacting with a linear dissipative system",
  journal = "Annals of Physics ",
  volume  = "24",
  pages   = "118--173",
  year    = "1963",
  doi     = "10.1016/0003-4916(63)90068-X",
  author  = "R.P Feynman and F.L {Vernon Jr.}"
}
